<record><leader>00000cas a2200000 a 4500</leader><controlfield tag="001">34495648</controlfield><controlfield tag="008">960401d18781934miuwr ne      0    0eng c</controlfield><datafield ind1=" " ind2=" " tag="010"><subfield code="a">sn 96076501 </subfield></datafield><datafield ind1=" " ind2=" " tag="040"><subfield code="a">MHN</subfield><subfield code="b">eng</subfield><subfield code="c">MHN</subfield><subfield code="d">OCL</subfield><subfield code="d">OCLCQ</subfield><subfield code="d">OCLCO</subfield></datafield><datafield ind1="1" ind2=" " tag="029"><subfield code="a">AU@</subfield><subfield code="b">000012367037</subfield></datafield><datafield ind1=" " ind2=" " tag="042"><subfield code="a">pcc</subfield></datafield><datafield ind1=" " ind2=" " tag="043"><subfield code="a">n-us-mi</subfield></datafield><datafield ind1="0" ind2="0" tag="245"><subfield code="a">Gladwin County record.</subfield></datafield><datafield ind1=" " ind2=" " tag="260"><subfield code="a">Cedar, Gladwin Co., Mich. :</subfield><subfield code="b">J.S. Holden</subfield></datafield><datafield ind1=" " ind2=" " tag="300"><subfield code="a">v.</subfield></datafield><datafield ind1=" " ind2=" " tag="310"><subfield code="a">Weekly</subfield></datafield><datafield ind1="0" ind2=" " tag="362"><subfield code="a">Vol. 1, no. 1 (Mar. 26, 1878)-v. 57, no. 14 (June 28, 1934).</subfield></datafield><datafield ind1=" " ind2=" " tag="500"><subfield code="a">Published in Gladwin, Mich., July 20, 1883-June 28, 1934.</subfield></datafield><datafield ind1=" " ind2=" " tag="580"><subfield code="a">Merged with: Beaverton clarion, to form: Gladwin County record and Beaverton clarion.</subfield></datafield><datafield ind1=" " ind2="0" tag="651"><subfield code="a">Cedar (Gladwin County, Mich.)</subfield><subfield code="v">Newspapers.</subfield></datafield><datafield ind1=" " ind2="0" tag="651"><subfield code="a">Gladwin (Mich.)</subfield><subfield code="v">Newspapers.</subfield></datafield><datafield ind1=" " ind2="0" tag="651"><subfield code="a">Gladwin County (Mich.)</subfield><subfield code="v">Newspapers.</subfield></datafield><datafield ind1=" " ind2=" " tag="752"><subfield code="a">United States</subfield><subfield code="b">Michigan</subfield><subfield code="c">Gladwin</subfield><subfield code="d">Cedar.</subfield></datafield><datafield ind1=" " ind2=" " tag="752"><subfield code="a">United States</subfield><subfield code="b">Michigan</subfield><subfield code="c">Gladwin</subfield><subfield code="d">Gladwin.</subfield></datafield><datafield ind1="1" ind2="7" tag="785"><subfield code="t">Beaverton clarion</subfield><subfield code="w">(DLC)sn 96076500</subfield><subfield code="w">(OCoLC)34495661</subfield></datafield><datafield ind1="1" ind2="7" tag="785"><subfield code="t">Gladwin County record and Beaverton clarion</subfield><subfield code="w">(DLC)sn 93004299</subfield><subfield code="w">(OCoLC)28528869</subfield></datafield></record>